<?xml version="1.0" encoding="UTF-8"?><collection xmlns="http://www.loc.gov/MARC21/slim"><record><leader>00351nam--2200133-i-4500</leader><controlfield tag="001">000009088</controlfield><controlfield tag="002">20161230</controlfield><controlfield tag="005">20161230201028</controlfield><controlfield tag="008">060222s1000------------r-----000-0-eng-d</controlfield><datafield ind1=" " ind2=" " tag="080"><subfield code="a">530.145:541.1</subfield></datafield><datafield ind1=" " ind2=" " tag="100"><subfield code="a">Anderson, Jay Martin</subfield></datafield><datafield ind1=" " ind2=" " tag="245"><subfield code="a">Introduction to quantum chemistry</subfield></datafield><datafield ind1=" " ind2=" " tag="260"><subfield code="a">New York, W.A.Benjamin, Inc., 1969 Xiv + 445 P</subfield></datafield><datafield ind1=" " ind2=" " tag="852"><subfield code="a">31826</subfield></datafield></record></collection>